@article{eudey1996,
   author = "Eudey, T. L.",
   title = "Statistical considerations in DNA flow cytometry",
   journal = "Statistical Science",
   volume = "11",
   number = "4",
   pages = "320-334",
   year = "1996",
}

@article{derosa2003,
   author = "De Rosa, S. C. and Brenchley, J. M. and Roederer, M.",
   title = "Beyond six colors: A new era in flow cytometry",
   journal = "Nature Medicine",
   volume = "9",
   number = "1",
   pages = "112-117",
   year = "2003",
}

@article{nugentdean,
   author = "Dean, N. and Nugent, R.",
   title = "Clustering student skill set profiles in a unit hypercube using mixtures of multivariate betas",
   journal = "Advances in Data Analysis and Classification",
   volume = "7",
   number = "3",
   pages = "339-357",
   doi = {10.1007/s11634-013-0149-z},
   year = "2013",
}

@article{tmixtures,
   author = "Andrews, J. L. and McNicholas, P. D.",
   title = "Model-based clustering, classification, and discriminant analysis via mixtures of multivariate t-distributions: The tEIGEN family",
   journal = "Statistics and Computing",
   volume = "22",
   number = "5",
   pages = "1021-1029",
   doi = "10.1007/s11222-011-9272-x",
   year = "2012",
}

@article{MR,
   author = "Maji, P. and Roy, S.",
   title = "Rough-fuzzy clustering and unsupervised feature selection for wavelet based MR image segmentation",
   journal = "PLoS ONE",
   volume = "10",
   number = "4",
   doi = "10.1371/journal.pone.0123677",
   year = "2015",
}

@article{satellite,
   author = "Ganesan, P. and Rajini, V.",
   title = "Segmentation and denoising of noisy satellite images based on Modified Fuzzy C Means clustering and discrete wavelet transform for information retrieval",
   journal = "International Journal of Engineering and Technology",
   volume = "5",
   number = "5",
   pages = "3858-3869",
   year = "2013",
}

@article{banksht,
   author = "Banks, H. T. and Kapraun, D. F. and Thompson, W. C. and Peligero, C. and Argilaguet, J. and Meyerhans, A.",
   title = "A novel statistical analysis and interpretation of flow cytometry data",
   journal = "Journal of biological dynamics",
   volume = "7",
   number = "1",
   pages = "96-132",
   doi =  "10.1080/17513758.2013.812753",
   year = "2013",
}

@article{mallat89,
   author = "Mallat, Stephane G.",
   title = "Theory for multiresolution signal decomposition: the wavelet representation",
   journal = "IEEE Transactions on Pattern Analysis and Machine Intelligence",
   volume = "11",
   number = "7",
   pages = "674-693",
   DOI = "10.1109/34.192463",
   year = "1989",
}

@article{donohojohnstone1994,
   author = "Donoho, D. L. and Johnstone, I. M.",
   title = "IDEAL SPATIAL ADAPTATION BY WAVELET SHRINKAGE",
   journal = "Biometrika",
   volume = "81",
   number = "3",
   pages = "425-455",
   ISSN = "0006-3444",
   DOI = "10.1093/biomet/81.3.425",
   url = "<Go to ISI>://WOS:A1994PP36700001
http://biomet.oxfordjournals.org/content/81/3/425.full.pdf",
   year = "1994",
}

@article{donohojohnstone1995,
   author = "Donoho, D. L. and Johnstone, I. M.",
   title = "Adapting to unknown smoothness via wavelet shrinkage",
   journal = "Journal of the American Statistical Association",
   volume = "90",
   number = "432",
   pages = "1200-1224",
   ISSN = "0162-1459",
   DOI = "10.2307/2291512",
   url = "<Go to ISI>://WOS:A1995TK53400007",
   year = "1995",
}

@article{rit,
  author = "Gasparetto, M. and Gentry, T. and Sebti, S. and O'Bryan, E. and Nimmanapalli, R. and Blaskovich, M. A. and Bhalla, K. and Rizzieri, D. and Haaland, P. and Dunne, J. and Smith, C.",
   year  = "2004", 
   title = "Identification of compounds that enhance the anti-lymphoma activity of rituximab using flow cytometric high-content screening.", 
   journal = "Journal of Immunology Methods", 
   number = "292", 
   pages = "59-71",
}
 
@article{abramovich2002,
        author="Abramovich,F. and Besbeas,P. and Sapatinas,T.",
        year="2002",
        title="Empirical Bayes approach to block wavelet function estimation",
        journal="Computational Statistics and Data Analysis",
        volume="39",
        number="4",
        pages="435-451",
} 

@article{caiblockthresh,
   author = "Cai, T. T.",
   title = "On block thresholding in wavelet regression: Adaptivity, block size, and threshold level",
   journal = "Statistica Sinica",
   volume = "12",
   number = "4",
   pages = "1241-1273",
   year = "2002",
}

@book{nason,
   author = "Nason, G. P.",
   title = "Wavelet methods in statistics with R",
   place = "New York",
   publisher = "Springer",
   year = "2008",
}
